date,description,amount,type,balance,raw
2025-04-17,POS DEBIT GRABPAY-EC PETALIN GRABPAY-EC PETALIN,-100.0,debit,32685.07,"17/04/2025 POS DEBIT T68716 100.00 32,685.07 | GRABPAY-EC PETALIN | 15/04/2025 6540 | GRABPAY-EC PETALIN"
2025-04-17,POS DEBIT GRABPAY-EC PETALIN GRABPAY-EC PETALIN,-20.0,debit,32665.07,"17/04/2025 POS DEBIT T69992 20.00 32,665.07 | GRABPAY-EC PETALIN | 15/04/2025 6540 | GRABPAY-EC PETALIN"
2025-04-17,POS DEBIT GRAB RIDES-EC PETALIN GRAB RIDES-E PETALIN,-0.2,debit,32664.87,"17/04/2025 POS DEBIT T94599 0.20 32,664.87 | GRAB RIDES-EC PETALIN | 15/04/2025 4121 | GRAB RIDES-E PETALIN"
2025-04-18,I-PAYMENT FPXPAY DUITNOW ONLINE BANKING/WALLETS 20250418M0000041861O,-24.77,debit,32640.1,"18/04/2025 I-PAYMENT 24.77 32,640.10 | FPXPAY DUITNOW ONLINE | BANKING/WALLETS | 20250418M0000041861O"
2025-04-19,DUITNOW TO ACCOUNT Miao LIE ZHI HO LIE ZHI HOU,48.0,credit,32688.1,"19/04/2025 DUITNOW TO ACCOUNT 48.00 32,688.10 | Miao LIE ZHI HO | LIE ZHI HOU"
2025-04-19,DUITNOW DuitNow QR QR Payment,-316.9,debit,32371.2,"19/04/2025 DUITNOW 316.90 32,371.20 | DuitNow QR | QR Payment"
2025-04-19,POS DEBIT R04461 TSUTAYA _ PAVILION KUALA L TSUTAYA _ PA KUALA L,-69.25,debit,32301.95,"19/04/2025 POS DEBIT R04461 69.25 32,301.95 | TSUTAYA _ PAVILION KUALA L | 17/04/2025 5942 | TSUTAYA _ PA KUALA L"
2025-04-19,POS DEBIT F68695 TSUTAYA PAVILION B KUALA L TSUTAYA PAVI KUALA L,-16.25,debit,32285.7,"19/04/2025 POS DEBIT F68695 16.25 32,285.70 | TSUTAYA PAVILION B KUALA L | 17/04/2025 5812 | TSUTAYA PAVI KUALA L"
2025-04-23,DUITNOW DuitNow QR QR Payment,-21.5,debit,32264.2,"23/04/2025 DUITNOW 21.50 32,264.20 | DuitNow QR | QR Payment"
2025-04-23,DUITNOW DuitNow QR QR Payment,-5.5,debit,32258.7,"23/04/2025 DUITNOW 5.50 32,258.70 | DuitNow QR | QR Payment"
2025-04-23,MYDEBIT PURCHASE JAYA GROCER-PEARL S KUALA LUMPUR,-83.45,debit,32175.25,"23/04/2025 MYDEBIT PURCHASE 83.45 32,175.25 | JAYA GROCER-PEARL S | KUALA LUMPUR"
2025-04-23,MYDEBIT PURCHASE JAYA GROCER-PEARL S KUALA LUMPUR,-1.75,debit,32173.5,"23/04/2025 MYDEBIT PURCHASE 1.75 32,173.50 | JAYA GROCER-PEARL S | KUALA LUMPUR"
2025-04-23,MYDEBIT PURCHASE JAYA GROCER-PEARL S KUALA LUMPUR,-11.8,debit,32161.7,"23/04/2025 MYDEBIT PURCHASE 11.80 32,161.70 | JAYA GROCER-PEARL S | KUALA LUMPUR"
2025-04-23,MYDEBIT PURCHASE MR DIY (KUCHAI)-PPS KUALA LUMPUR,-87.0,debit,32074.7,"23/04/2025 MYDEBIT PURCHASE 87.00 32,074.70 | MR DIY (KUCHAI)-PPS | KUALA LUMPUR"
2025-04-24,DUITNOW TO ACCOUNT Fund Transfer,-250.0,debit,31824.7,"24/04/2025 DUITNOW TO ACCOUNT 250.00 31,824.70 | Fund Transfer"
2025-04-24,DUITNOW DuitNow QR QR Payment,-19.0,debit,31805.7,"24/04/2025 DUITNOW 19.00 31,805.70 | DuitNow QR | QR Payment"
2025-04-25,I-PAYMENT FPXPAY AHAM ASSET MANAGEMENT BERHAD,-2000.0,debit,29805.7,"25/04/2025 I-PAYMENT 2,000.00 29,805.70 | FPXPAY AHAM ASSET MANAGEMENT | BERHAD | 532504241510728"
2025-04-25,IBG CREDIT INTERBANK GIRO TINKERVE T TINKERVE TECHNOLOGY PAYOUT,4060.5,credit,33866.2,"25/04/2025 IBG CREDIT 4,060.50 33,866.20 | INTERBANK GIRO | TINKERVE T | TINKERVE TECHNOLOGY | PAYOUT"
2025-04-25,MYDEBIT PURCHASE NIHONKAI JAPANESE R KUALA LUMPUR,-49.3,debit,33816.9,"25/04/2025 MYDEBIT PURCHASE 49.30 33,816.90 | NIHONKAI JAPANESE R | KUALA LUMPUR"
2025-04-25,MYDEBIT PURCHASE THE BREW HOUSE-PYS KUALA LUMPUR,-95.1,debit,33721.8,"25/04/2025 MYDEBIT PURCHASE 95.10 33,721.80 | THE BREW HOUSE-PYS | KUALA LUMPUR"
2025-04-25,DUITNOW DuitNow QR DuitNow QR LOW WAN LING,-32.0,debit,33689.8,"25/04/2025 DUITNOW 32.00 33,689.80 | DuitNow QR | DuitNow QR | LOW WAN LING"
2025-04-25,DUITNOW DuitNow QR QR Payment,-17.6,debit,33672.2,"25/04/2025 DUITNOW 17.60 33,672.20 | DuitNow QR | QR Payment"
2025-04-26,DUITNOW DuitNow QR QR Payment,-45.2,debit,33627.0,"26/04/2025 DUITNOW 45.20 33,627.00 | DuitNow QR | QR Payment"
2025-04-26,DUITNOW DuitNow QR QR Payment,-10.0,debit,33617.0,"26/04/2025 DUITNOW 10.00 33,617.00 | DuitNow QR | QR Payment"
2025-04-28,DUITNOW DuitNow QR QR Payment,-47.3,debit,33569.7,"28/04/2025 DUITNOW 47.30 33,569.70 | DuitNow QR | QR Payment"
2025-04-29,DUITNOW DuitNow QR QR Payment,-40.35,debit,33529.35,"29/04/2025 DUITNOW 40.35 33,529.35 | DuitNow QR | QR Payment"
2025-04-30,IBG CREDIT IBG TRANSACTION CLARINS SD CLARINS SDN. BHD.,380.0,credit,33909.35,"30/04/2025 IBG CREDIT 380.00 33,909.35 | IBG TRANSACTION | CLARINS SD | CLARINS SDN. BHD. | 1108"
2025-04-30,I-PAYMENT FPXPAY LEMBAGA HASIL DALAM NEGERI MAL,-1500.0,debit,32409.35,"30/04/2025 I-PAYMENT 1,500.00 32,409.35 | FPXPAY LEMBAGA HASIL DALAM | NEGERI MAL | 2124034816558013"
2025-04-30,DUITNOW DuitNow QR QR Payment,-30.8,debit,32378.55,"30/04/2025 DUITNOW 30.80 32,378.55 | DuitNow QR | QR Payment"
2025-04-30,DUITNOW DuitNow QR QR Payment,-41.7,debit,32336.85,"30/04/2025 DUITNOW 41.70 32,336.85 | DuitNow QR | QR Payment"
2025-04-30,CREDIT INTEREST,2.6,credit,32339.45,"30/04/2025 CREDIT INTEREST 2.60 32,339.45"
2025-05-01,DUITNOW DuitNow QR QR Payment,-7.0,debit,32332.45,"01/05/2025 DUITNOW 7.00 32,332.45 | DuitNow QR | QR Payment"
2025-05-01,DUITNOW DuitNow QR QR Payment,-18.0,debit,32314.45,"01/05/2025 DUITNOW 18.00 32,314.45 | DuitNow QR | QR Payment"
2025-05-01,DUITNOW DuitNow QR QR Payment,-30.0,debit,32284.45,"01/05/2025 DUITNOW 30.00 32,284.45 | DuitNow QR | QR Payment"
2025-05-01,DUITNOW TO ACCOUNT Miao LIE ZHI HO LIE ZHI HOU,25.9,credit,32310.35,"01/05/2025 DUITNOW TO ACCOUNT 25.90 32,310.35 | Miao LIE ZHI HO | LIE ZHI HOU"
2025-05-01,I-PYMT TO LOAN/FINANCING 25th 1994.04,-1994.04,debit,30316.31,"01/05/2025 I-PYMT TO LOAN/FINANCING 1,994.04 30,316.31 | 25th 1994.04"
2025-05-01,I-PAYMENT FPXPAY AHAM ASSET MANAGEMENT BERHAD,-1000.0,debit,29316.31,"01/05/2025 I-PAYMENT 1,000.00 29,316.31 | FPXPAY AHAM ASSET MANAGEMENT | BERHAD | 532505011530173"
2025-05-01,DUITNOW TO ACCOUNT Sent from AmOnline LIE ZHI HO LIE ZHI HOU Miao,1185.81,credit,30502.12,"01/05/2025 DUITNOW TO ACCOUNT 1,185.81 30,502.12 | Sent from AmOnline LIE ZHI | HO | LIE ZHI HOU | Miao"
2025-05-02,DUITNOW TO ACCOUNT Fund Transfer,-200.0,debit,30302.12,"02/05/2025 DUITNOW TO ACCOUNT 200.00 30,302.12 | Fund Transfer"
2025-05-03,DUITNOW DuitNow QR QR Payment,-6.1,debit,30296.02,"03/05/2025 DUITNOW 6.10 30,296.02 | DuitNow QR | QR Payment"
2025-05-03,DUITNOW DuitNow QR QR Payment,-69.0,debit,30227.02,"03/05/2025 DUITNOW 69.00 30,227.02 | DuitNow QR | QR Payment"
2025-05-04,DUITNOW TO ACCOUNT Fund Transfer,-200.0,debit,30027.02,"04/05/2025 DUITNOW TO ACCOUNT 200.00 30,027.02 | Fund Transfer"
2025-05-04,MYDEBIT PURCHASE DE MARKET KUALA LUMPUR,-60.05,debit,29966.97,"04/05/2025 MYDEBIT PURCHASE 60.05 29,966.97 | DE MARKET | KUALA LUMPUR"
2025-05-05,TR IBG PayNet Direct Debit AHAM ASSET MANAGEMEN,-1100.0,debit,28866.97,"05/05/2025 TR IBG 1,100.00 28,866.97 | 5000027571 | PayNet Direct Debit | AHAM ASSET MANAGEMEN"
2025-05-05,DUITNOW TO ACCOUNT May family WONG FUI YIN,-700.0,debit,28166.97,"05/05/2025 DUITNOW TO ACCOUNT 700.00 28,166.97 | May family | WONG FUI YIN"
2025-05-05,I-PAYMENT FPXPAY SHOPEE MALAYSIA T185254853125,-73.76,debit,28093.21,"05/05/2025 I-PAYMENT 73.76 28,093.21 | FPXPAY SHOPEE MALAYSIA | T185254853125"
2025-05-05,IBG CREDIT INVOICE #1124 WALNUT DIG WALNUT DIGITAL PLT OSKXAEON PARENTS DAY,200.0,credit,28293.21,"05/05/2025 IBG CREDIT 200.00 28,293.21 | INVOICE #1124 | WALNUT DIG | WALNUT DIGITAL PLT | OSKXAEON PARENTS DAY"
2025-05-07,I-PAYMENT FPXPAY SHOPEE MALAYSIA T185895701125,-91.0,debit,28202.21,"07/05/2025 I-PAYMENT 91.00 28,202.21 | FPXPAY SHOPEE MALAYSIA | T185895701125"
2025-05-07,POS DEBIT GRABPAY-EC PETALIN GRABPAY-EC PETALIN,-20.0,debit,28182.21,"07/05/2025 POS DEBIT T69385 20.00 28,182.21 | GRABPAY-EC PETALIN | 05/05/2025 6540 | GRABPAY-EC PETALIN"
2025-05-07,POS DEBIT GRABPAY-EC PETALIN GRABPAY-EC PETALIN,-20.0,debit,28162.21,"07/05/2025 POS DEBIT T69967 20.00 28,162.21 | GRABPAY-EC PETALIN | 05/05/2025 6540 | GRABPAY-EC PETALIN"
2025-05-07,POS DEBIT GRABPAY-EC PETALIN GRABPAY-EC PETALIN,-80.0,debit,28082.21,"07/05/2025 POS DEBIT T70734 80.00 28,082.21 | GRABPAY-EC PETALIN | 05/05/2025 6540 | GRABPAY-EC PETALIN"
2025-05-09,IBG CREDIT IBG TRANSACTION MUDAH.MY S MUDAH.MY SDN BHD IBG TRANSACTION,300.0,credit,28382.21,"09/05/2025 IBG CREDIT 300.00 28,382.21 | IBG TRANSACTION | MUDAH.MY S | MUDAH.MY SDN BHD | IBG TRANSACTION"
2025-05-10,POS DEBIT GRABPAY-EC PETALIN GRABPAY-EC PETALIN,-250.0,debit,28132.21,"10/05/2025 POS DEBIT T36031 250.00 28,132.21 | GRABPAY-EC PETALIN | 08/05/2025 6540 | GRABPAY-EC PETALIN"
2025-05-11,MYDEBIT PURCHASE YI FENG RESTAURANT KUALA LUMPUR,-65.65,debit,28066.56,"11/05/2025 MYDEBIT PURCHASE 65.65 28,066.56 | YI FENG RESTAURANT | KUALA LUMPUR"
2025-05-11,MYDEBIT PURCHASE EMPRO-PREMIO UPTOWN Petaling Jaya,-120.0,debit,27946.56,"11/05/2025 MYDEBIT PURCHASE 120.00 27,946.56 | EMPRO-PREMIO UPTOWN | Petaling Jaya"
2025-05-11,MYDEBIT PURCHASE ORIENTAL MART-3 DAM PETALING JAYA,-48.35,debit,27898.21,"11/05/2025 MYDEBIT PURCHASE 48.35 27,898.21 | ORIENTAL MART-3 DAM | PETALING JAYA"
2025-05-12,DUITNOW TO ACCOUNT Gatcha LIE ZHI HO LIE ZHI HOU,60.0,credit,27958.21,"12/05/2025 DUITNOW TO ACCOUNT 60.00 27,958.21 | Gatcha LIE ZHI HO | LIE ZHI HOU"
2025-05-13,I-PYMT TO CCARD Credit Card Payment Payment Desc,-660.0,debit,27298.21,"13/05/2025 I-PYMT TO CCARD 660.00 27,298.21 | Credit Card Payment | Payment Desc"
2025-05-13,I-PYMT TO CCARD Credit Card Payment Payment Desc,-2475.64,debit,24822.57,"13/05/2025 I-PYMT TO CCARD 2,475.64 24,822.57 | Credit Card Payment | Payment Desc"
2025-05-14,I-PAYMENT FPXPAY DUITNOW ONLINE BANKING/WALLETS 20250514M0000041861O,-22.8,debit,24799.77,"14/05/2025 I-PAYMENT 22.80 24,799.77 | FPXPAY DUITNOW ONLINE | BANKING/WALLETS | 20250514M0000041861O"
2025-05-14,I-PAYMENT FPXPAY SHOPEE MALAYSIA T188360180125,-73.88,debit,24725.89,"14/05/2025 I-PAYMENT 73.88 24,725.89 | FPXPAY SHOPEE MALAYSIA | T188360180125"
2025-05-15,IBG CREDIT IBG TRANSACTION CLARINS SD CLARINS SDN. BHD. 1115/1111/1110/1109/,4900.0,credit,29625.89,"15/05/2025 IBG CREDIT 4,900.00 29,625.89 | IBG TRANSACTION | CLARINS SD | CLARINS SDN. BHD. | 1115/1111/1110/1109/"
2025-05-15,I-PAYMENT FPXPAY SHOPEE MALAYSIA T188557747825,-52.9,debit,29572.99,"15/05/2025 I-PAYMENT 52.90 29,572.99 | FPXPAY SHOPEE MALAYSIA | T188557747825"
2025-05-15,IBG CREDIT MYJXTJTYB7U304Q ECART SERV ECART SERVICES MALAY INTERBANK GIRO,13.22,credit,29586.21,"15/05/2025 IBG CREDIT 13.22 29,586.21 | MYJXTJTYB7U304Q | ECART SERV | ECART SERVICES MALAY | INTERBANK GIRO"
